@TECHREPORT{soap,
  AUTHOR="G. Kakivaya and A. Layman and S. Thatte",
  TITLE="{SOAP: Simple Object Access Protocol}",  
  TYPE="Internet-Draft",
  INSTITUTION="Internet Engineering Task Force",
  NUMBER="draft-box-http-soap-00",
  NOTE="Work in progress",
  MONTH=sep,
  YEAR=1999,
  URL="https://tools.ietf.org/html/draft-box-http-soap-00",
}
@INPROCEEDINGS{jails,
  author = {Poul-henning Kamp and Robert N. M. Watson},
  title = {Jails: Confining the omnipotent root},
  booktitle = {In Proc. 2nd Intl. SANE Conference},
  year = {2000}
}
@phdthesis{rest,
 author = {Fielding, Roy Thomas},
 title = {Architectural Styles and the Design of Network-based Software Architectures},
 year = {2000},
 isbn = {0-599-87118-0},
 note = {AAI9980887},
 publisher = {University of California, Irvine},
}
@Article{biomicro,
   Author="Williams, C. L.  and Sica, J. C.  and Killen, R. T.  and Balis, U. G. ",
   Title="{{T}he growing need for microservices in bioinformatics}",
   Journal="J Pathol Inform",
   Year="2016",
   Volume="7",
   Pages="45"
}
@misc{docker,
   author = {Alan Shimel},
   title = {{Docker becomes de facto Linux standard}},
   howpublished = "\url{http://www.networkworld.com/article/2226751/opensource-subnet/docker-becomes-de-facto-linux-standard.html}",
   month = apr,
   year = {2016}, 
   note = "[Online; accessed 03-07-2017]"
}
@misc{kubernetes,
   author = {Matt Asay},
   title = {{Why Kubernetes is winning the container war}},
   howpublished = "\url{http://www.infoworld.com/article/3118345/cloud-computing/why-kubernetes-is-winning-the-container-war.html}",
   month = sep,
   year = {2016}, 
   note = "[Online; accessed 03-07-2017]"
}
@techreport{clouds,
    Author = {Armbrust, Michael and Fox, Armando and Griffith, Rean and Joseph, Anthony D. and Katz, Randy H. and Konwinski, Andrew and Lee, Gunho and Patterson, David A. and Rabkin, Ariel and Stoica, Ion and Zaharia, Matei},
    Title = {Above the Clouds: A Berkeley View of Cloud Computing},
    Institution = {EECS Department, University of California, Berkeley},
    Year = {2009},
    Month = {Feb},
    URL = {http://www2.eecs.berkeley.edu/Pubs/TechRpts/2009/EECS-2009-28.html},
    Number = {UCB/EECS-2009-28}
}
@misc{Tectonic,
   title = {{Tectonic}},
   howpublished = "\url{https://coreos.com/tectonic}",
   note = "[Online; accessed 03-07-2017]"
}
@misc{gce,
   title = {{Google Container Engine}},
   howpublished = "\url{https://cloud.google.com/container-engine}",
   note = "[Online; accessed 03-07-2017]"
}
@misc{kargo,
   title = {{Kubespray}},
   howpublished = "\url{https://cloud.google.com/container-engine}",
   note = "[Online; accessed 03-07-2017]"
}
@misc{kops,
   title = {{Kops}},
   howpublished = "\url{https://github.com/kubernetes/kops}",
   note = "[Online; accessed 03-07-2017]"
}
@misc{phenomenal,
   title = {{PhenoMeNal}},
   howpublished = "\url{http://phenomenal-h2020.eu/home/}",
   note = "[Online; accessed 03-07-2017]"
}
@inproceedings{spark,
 author = {Zaharia, Matei and Chowdhury, Mosharaf and Franklin, Michael J. and Shenker, Scott and Stoica, Ion},
 title = {Spark: Cluster Computing with Working Sets},
 booktitle = {Proceedings of the 2Nd USENIX Conference on Hot Topics in Cloud Computing},
 series = {HotCloud'10},
 year = {2010},
 location = {Boston, MA},
 pages = {10--10},
 numpages = {1},
 url = {http://dl.acm.org/citation.cfm?id=1863103.1863113},
 acmid = {1863113},
 publisher = {USENIX Association},
 address = {Berkeley, CA, USA},
} 
@misc{pachyderm,
   title = {{Pachyderm}},
   howpublished = "\url{http://pachyderm.io/}",
   note = "[Online; accessed 03-07-2017]"
}
@misc{slurm,
   title = {{Slurm}},
   howpublished = "\url{https://slurm.schedmd.com/}",
   note = "[Online; accessed 03-07-2017]"
}
@misc{kubenow,
   title = {{KubeNow repository}},
   howpublished = "\url{https://github.com/kubenow/KubeNow}",
   note = "[Online; accessed 03-07-2017]"
}
@misc{aws,
   title = {{Amazon Web Services}},
   howpublished = "\url{https://aws.amazon.com}",
   note = "[Online; accessed 03-07-2017]"
}
@misc{gcloud,
   title = {{Google Compute Engine}},
   howpublished = "\url{https://cloud.google.com/compute}",
   note = "[Online; accessed 03-07-2017]"
}
@misc{openstack,
   title = {{OpenStack}},
   howpublished = "\url{hhttps://www.openstack.org}",
   note = "[Online; accessed 03-07-2017]"
}