@inproceedings{ciaa17,
author = "Cauli, Claudia and Piterman, Nir",
editor = "Carayol, A. and Nicaud, C.",
title = "Equivalence of Probabilistic $\mu$-Calculus and p-Automata",
bookTitle = "Implementation and Application of Automata: 22nd International 
Conference, CIAA 2017, Marne-la-Vall{\'e}e, France, June 27-30, 2017",
year="2017",
publisher="Springer",
address="Cham",
pages="64--75",
}

@article{AN01,
	title= "Rudiments of $\mu$-Calculus, volume 146 of",
	author="Arnold, Andre{\'e} and Niwinski, Damian",
	journal="Studies in Logic and the foundations of mathematics",
	year="2001",
	publisher="Elsevier"
}

@book{BK08,
	title={Principles of model checking},
	author={Baier, Christel and Katoen, Joost-Pieter},
	year={2008},
	publisher={MIT press}
}

@book{BBW07,
	title={Handbook of Modal Logic},
	author={Blackburn, Patrick and van Benthem, Johan and Wolter, Frank},
	volume={3},
	year={2007},
	publisher={Elsevier}
}

@article{BS07,
	title={Modal $\mu$-Calculi},
	author={Bradfield, Julian and Stirling, Colin},
	journal={Studies in logic and practical reasoning},
	volume={3},
	pages={721--756},
	year={2007},
	publisher={Elsevier}
}

@article{BW15,
	title={The $\mu$-Calculus and Model-Checking},
	author={Bradfield, Julian and Walukiewicz, Igor},
	journal={Handbook of Model Checking. Springer-Verlag},
	pages={35--45},
	year={2015}
}

@article{BFL15,
	title={On Guarded Transformation in the Modal $\mu$-Calculus},
	author={Bruse, Florian and Friedmann, Oliver and Lange, Martin},
	journal={Logic Journal of the IGPL},
	volume={23},
	number={2},
	pages={194--216},
	year={2014},
	publisher={Oxford University Press}
}
@article{CIN05,
	title={Probabilistic Temporal Logics via the Modal $\mu$-Calculus},
	author={Cleaveland, Rance and Iyer, S Purushothaman and Narasimha, Murali},
	journal={Theoretical Computer Science},
	volume={342},
	number={2-3},
	pages={316--350},
	year={2005},
	publisher={Elsevier}
}
@inproceedings{CKP15,
	title={Tractable Probabilistic $\mu$-Calculus that Expresses Probabilistic 
	Temporal Logics},
	author={Castro, Pablo and Kilmurray, Cecilia and Piterman, Nir},
	booktitle={LIPIcs-Leibniz International Proceedings in Informatics},
	volume={30},
	year={2015},
	organization={Schloss Dagstuhl-Leibniz-Zentrum fuer Informatik}
}

@article{CP13,
	title = {Obligation Blackwell Games and P-Automata},
	journal = {Journal of Symbolic Logic},
	author = {Krishnendu Chatterjee and Nir Piterman},
	year = {2017},
	volume = {82},
	pages = {420--452},
	number = {2}
}

@inproceedings{EJ91,
	title={Tree Automata, $\mu$-Calculus and Determinacy},
	author={Emerson, E Allen and Jutla, Charanjit S},
	booktitle={Foundations of Computer Science, 1991. Proceedings., 32nd Annual 
	Symposium on},
	pages={368--377},
	year={1991},
	organization={IEEE}
}

@inproceedings{EL86,
	title = "Efficient Model Checking in Fragments of the Propositional 
	$\mu$-Calculus",
	author = "Emerson, E Allen and Lei, C-L",
	booktitle = "Proceedings of the First Annual IEEE Symposium on Logic in 
	Computer Science, LICS",
	pages = "267--278",
	year = "1986"
}
%
@article{GTW02,
	title={Automata, Logics, and Infinite Games: A Guide to Current Research, 
	volume 2500 of LNCS},
	author={Gr{\"a}del, E and Thomas, W and Wilke, T},
	journal={Springer},
	year={2002}
}

@inproceedings{HK97,
	title={Quantitative analysis and model checking},
	author={Huth, Michael and Kwiatkowska, Marta},
	booktitle={Logic in Computer Science, 1997. LICS'97. Proceedings., 12th 
	Annual IEEE Symposium on},
	pages={111--122},
	year={1997},
	organization={IEEE}
}

@article{JW95,
	title={Automata for the modal $\mu$-calculus and related results},
	author={Janin, David and Walukiewicz, Igor},
	journal={Mathematical Foundations of Computer Science 1995},
	pages={552--562},
	year={1995},
	publisher={Springer}
}

@article{Koz83,
	title={Results on the propositional $\mu$-calculus},
	author={Kozen, Dexter},
	journal={Theoretical computer science},
	volume={27},
	number={3},
	pages={333--354},
	year={1983},
	publisher={Elsevier}
}

@article{KVW00,
	title={An automata-theoretic approach to branching-time model checking},
	author={Kupferman, Orna and Vardi, Moshe Y and Wolper, Pierre},
	journal={Journal of the ACM (JACM)},
	volume={47},
	number={2},
	pages={312--360},
	year={2000},
	publisher={ACM}
}

@thesis{Mio2012a,
	author = {Matteo Mio},
	title = {Game Semantics for Probabilistic Modal $\mu$-Calculi},
	type = {PhD Thesis},
	institution = {University of Edinburgh},
	year = {2012}
}

@article{Mio12,
	title={Probabilistic Modal $\mu$-Calculus with Independent 
	Product},
	author={Mio, Matteo},
	journal={Logical Methods in Computer Science},
	year={2012}
}

@article{MS15,
	title={Lukasiewicz $\mu$-calculus},
	author={Mio, Matteo and Simpson, Alex},
	journal={arXiv:1510.00797},
	year={2015}
}

@inproceedings{Ni88,
	title={Fixed points vs. infinite generation},
	author={Niwinski, Damian},
	booktitle={Logic in Computer Science, 1988. LICS'88., Proceedings of the 
	Third Annual Symposium on},
	pages={402--409},
	year={1988},
	organization={IEEE}
}

@article{Ni97,
	title={Fixed point characterization of infinite behavior of finite-state 
	systems},
	author={Niwi{\'n}ski, Damian},
	journal={Theoretical Computer Science},
	volume={189},
	number={1-2},
	pages={1--69},
	year={1997},
	publisher={Elsevier}
}

@book{Sch04,
	title={Verification of reactive systems: formal methods and algorithms},
	author={Schneider, Klaus},
	year={2004},
	publisher={Springer}
}

@article{Wil01,
	title={Alternating Tree Automata, Parity Games, and Modal $\mu$-Calculus.},
	author={Wilke, Thomas},
	journal={Bulletin of the Belgian Mathematical Society},
	volume={8},
	number={2},
	pages={359},
	year={2001},
	publisher={Brussels: Societe Mathematique de Belgique, c1994-}
}