@article{olshausenfield1996,
author={Olshausen,Bruno A. and Field,David J.},
year={1996},
title={\textsl{Emergence of simple-cell receptive field properties by learning a sparse code for natural images}},
journal={Nature},
volume={381},
number={6583},
pages={607-9},
keywords={Environmental Studies; Sensory perception; Neurology; Eyes & eyesight; Learning; Algorithms; Models, Neurological; Visual Cortex -- cytology; Visual Cortex -- physiology; Neurons -- physiology; Vision, Ocular -- physiology},
isbn={00280836},
language={English},
url={https://search.proquest.com/docview/204469628?accountid=15964},
}
%month={Jun 13},
%note={Copyright - Copyright Macmillan Journals Ltd. Jun 13, 1996; Last updated - 2012-11-14; CODEN - NATUAS},


@article{Mairal2010,
 author = {Mairal, Julien and Bach, Francis and Ponce, Jean and Sapiro, Guillermo},
 title = {\textsl{Online Learning for Matrix Factorization and Sparse Coding}},
 journal = {Journal of Machine Learning Research},
 volume = {11},
 year = {2010},
 issn = {1532-4435},
 pages = {19--60},
 numpages = {42},
 url = {http://dl.acm.org/citation.cfm?id=1756006.1756008},
 acmid = {1756008},
 publisher = {JMLR.org},
}
%issue_date = {3/1/2010},
% month = mar,


@article{Lin2007,
author={Chih-Jen Lin},
journal={Neural Computation},
title={\textsl{Projected Gradient Methods for Nonnegative Matrix Factorization}},
year={2007},
volume={19},
number={10},
pages={2756-2779},
doi={10.1162/neco.2007.19.10.2756},
ISSN={0899-7667},
}
%month={Oct},


@article{cichocki2009fast,
  title={\textsl{Fast local algorithms for large scale nonnegative matrix and tensor factorizations}},
  author={Cichocki, Andrzej and Anh-Huy, PHAN},
  journal={IEICE transactions on fundamentals of electronics, communications and computer sciences},
  volume={92},
  number={3},
  pages={708--721},
  year={2009},
  publisher={The Institute of Electronics, Information and Communication Engineers}
}

@article{tibshirani1996regression,
  title={\textsl{Regression shrinkage and selection via the lasso}},
  author={Tibshirani, Robert},
  journal={Journal of the Royal Statistical Society. Series B (Methodological)},
  pages={267--288},
  year={1996},
  publisher={JSTOR}
}

@book{tikhonov1977solutions,
  title={\textsl{Solutions of ill-posed problems}},
  author={Tikhonov, Andre{\u\i} Nikolaevich and Arsenin, Vasili{\u\i} Iakovlevich and John, Fritz},
  volume={14},
  year={1977},
  publisher={Winston Washington, DC}
}


@article{tropp2006just,
  title={\textsl{Just relax: Convex programming methods for identifying sparse signals in noise}},
  author={Tropp, Joel A},
  journal={IEEE transactions on information theory},
  volume={52},
  number={3},
  pages={1030--1051},
  year={2006},
  publisher={IEEE}
}


@article{salzo2014alternating,
  title={\textsl{Alternating proximal regularized dictionary learning}},
  author={Salzo, Saverio and Masecchia, Salvatore and Verri, Alessandro and Barla, Annalisa},
  journal={Neural computation},
  volume={26},
  number={12},
  pages={2855--2895},
  year={2014},
  publisher={MITP}
}

@article{bolte2014proximal,
  title={\textsl{Proximal alternating linearized minimization for nonconvex and nonsmooth problems}},
  author={Bolte, J{\'e}r{\^o}me and Sabach, Shoham and Teboulle, Marc},
  journal={Mathematical Programming},
  volume={146},
  number={1-2},
  pages={459--494},
  year={2014},
  publisher={Springer}
}

@article{parikh2014proximal,
  title={\textsl{Proximal algorithms}},
  author={Parikh, Neal and Boyd, Stephen and others},
  journal={Foundations and Trends{\textregistered} in Optimization},
  volume={1},
  number={3},
  pages={127--239},
  year={2014},
  publisher={Now Publishers, Inc.}
}

@inproceedings{duchi2008efficient,
  title={\textsl{Efficient projections onto the l 1-ball for learning in high dimensions}},
  author={Duchi, John and Shalev-Shwartz, Shai and Singer, Yoram and Chandra, Tushar},
  booktitle={Proceedings of the 25th international conference on Machine learning},
  pages={272--279},
  year={2008},
  organization={ACM}
}

@article{rakotomamonjy2013direct,
  title={\textsl{Direct optimization of the dictionary learning problem}},
  author={Rakotomamonjy, Alain},
  journal={IEEE Transactions on Signal Processing},
  volume={61},
  number={22},
  pages={5495--5506},
  year={2013},
  publisher={IEEE}
}

@article{lee1999learning,
  title={\textsl{Learning the parts of objects by non-negative matrix factorization}},
  author={Lee, Daniel D and Seung, H Sebastian},
  journal={Nature},
  volume={401},
  number={6755},
  pages={788--791},
  year={1999},
  publisher={Nature Publishing Group}
}

@article{alexandrov2013deciphering,
  title={\textsl{Deciphering signatures of mutational processes operative in human cancer}},
  author={Alexandrov, Ludmil B and Nik-Zainal, Serena and Wedge, David C and Campbell, Peter J and Stratton, Michael R},
  journal={Cell reports},
  volume={3},
  number={1},
  pages={246--259},
  year={2013},
  publisher={Elsevier}
}

@article{schwarz1978estimating,
  title={\textsl{Estimating the dimension of a model}},
  author={Schwarz, Gideon and others},
  journal={The annals of statistics},
  volume={6},
  number={2},
  pages={461--464},
  year={1978},
  publisher={Institute of Mathematical Statistics}
}



@article {grouplasso,
author = {Yuan, Ming and Lin, Yi},
title = {\textsl{Model selection and estimation in regression with grouped variables}},
journal = {Journal of the Royal Statistical Society: Series B (Statistical Methodology)},
volume = {68},
number = {1},
publisher = {Blackwell Publishing Ltd},
issn = {1467-9868},
url = {http://dx.doi.org/10.1111/j.1467-9868.2005.00532.x},
doi = {10.1111/j.1467-9868.2005.00532.x},
pages = {49--67},
keywords = {Analysis of variance, Lasso, Least angle regression, Non-negative garrotte, Piecewise linear solution path},
year = {2006},
}

@article{zou2005regularization,
  title={\textsl{Regularization and variable selection via the elastic net}},
  author={Zou, Hui and Hastie, Trevor},
  journal={Journal of the Royal Statistical Society: Series B (Statistical Methodology)},
  volume={67},
  number={2},
  pages={301--320},
  year={2005},
  publisher={Wiley Online Library}
}

@article{grosse2012shift,
  title={\textsl{Shift-invariance sparse coding for audio classification}},
  author={Grosse, Roger and Raina, Rajat and Kwong, Helen and Ng, Andrew Y},
  journal={arXiv preprint arXiv:1206.5241},
  year={2012}
}

@inproceedings{mairal2009supervised,
  title={\textsl{Supervised dictionary learning}},
  author={Mairal, Julien and Ponce, Jean and Sapiro, Guillermo and Zisserman, Andrew and Bach, Francis R},
  booktitle={Advances in neural information processing systems},
  pages={1033--1040},
  year={2009}
}

@Manual{dask,
  title = {\textsl{Dask: Library for dynamic task scheduling}},
  author = {{Dask Development Team}},
  year = {2016},
  url = {http://dask.pydata.org}
}

@book{mallat2008wavelet,
  title={\textsl{A wavelet tour of signal processing: the sparse way}},
  author={Mallat, Stephane},
  year={2008},
  publisher={Academic press}
}

@article{vetterli2013fourier,
  title={\textsl{Fourier and wavelet signal processing}},
  author={Vetterli, Martin and Kovacevic, Jelena and Goyal, Vivek K},
  journal={Book site},
  year={2013}
}

@article{ravishankar2011mr,
  title={\textsl{MR image reconstruction from highly undersampled k-space data by dictionary learning}},
  author={Ravishankar, Saiprasad and Bresler, Yoram},
  journal={IEEE transactions on medical imaging},
  volume={30},
  number={5},
  pages={1028--1041},
  year={2011},
  publisher={IEEE}
}

@article{tosic2011dictionary,
  title={\textsl{Dictionary learning}},
  author={Tosic, Ivana and Frossard, Pascal},
  journal={IEEE Signal Processing Magazine},
  volume={28},
  number={2},
  pages={27--38},
  year={2011},
  publisher={IEEE}
}

@book{aggarwal2012mining,
  title={\textsl{Mining text data}},
  author={Aggarwal, Charu C and Zhai, ChengXiang},
  year={2012},
  publisher={Springer Science \& Business Media}
}

@book{jolliffe2002principal,
  title={\textsl{Principal component analysis}},
  author={Jolliffe, Ian},
  year={2002},
  publisher={Wiley Online Library}
}

@book{hyvarinen2004independent,
  title={\textsl{Independent component analysis}},
  author={Hyv{\"a}rinen, Aapo and Karhunen, Juha and Oja, Erkki},
  volume={46},
  year={2004},
  publisher={John Wiley \& Sons}
}

@ARTICLE{6472238,
author={Y. Bengio and A. Courville and P. Vincent},
journal={IEEE Transactions on Pattern Analysis and Machine Intelligence},
title={\textsl{Representation Learning: A Review and New Perspectives}},
year={2013},
volume={35},
number={8},
pages={1798-1828},
doi={10.1109/TPAMI.2013.50},
ISSN={0162-8828},
month={Aug},}

@ARTICLE{4385788,
author={J. A. Tropp and A. C. Gilbert},
journal={IEEE Transactions on Information Theory},
title={\textsl{Signal Recovery From Random Measurements Via Orthogonal Matching Pursuit}},
year={2007},
volume={53},
number={12},
pages={4655-4666},
doi={10.1109/TIT.2007.909108},
ISSN={0018-9448},
month={Dec},}