@misc{r88,
   author = {(2014), JGroups},
   title = {The jgroups project},
   volume = {01-September-2015},

}

@inbook{r83,
   author = {Abdellatif, Takoua and Cecchet, Emmanuel and Lachaize, Renaud},
   title = {Evaluation of a group communication middleware for clustered J2EE application servers},
   booktitle = {On the Move to Meaningful Internet Systems 2004: CoopIS, DOA, and ODBASE},
   publisher = {Springer},
   pages = {1571-1589},
   note = {A lot information about JGroups perfomance, UDP, TCP, GBE, FE, 1-n communcation, n-n communcations.},
   year = {2004}
}

@inproceedings{r16,
   author = {Abouzamazem, Abdallah and Ezhilchelvan, Paul},
   title = {Efficient Inter-cloud Replication for High-Availability Services*},
   booktitle = {Cloud Engineering (IC2E), 2013 IEEE International Conference on},
   publisher = {IEEE},
   pages = {132-139},

}

@article{r92,
   author = {Ailijiang, Ailidani and Charapko, Aleksey and Demirbas, Murat},
   title = {Consensus in the Cloud: Paxos Systems Demystified},
   note = {Very Good Paper: explain about Zab vs Raft vs Paxos. Also it gives use cse of Zab, by illustrating many exmple},
   year = {2016}
}

@inproceedings{r55,
   author = {Auradkar, Aditya and Botev, Chavdar and Das, Shirshanka and De Maagd, Dave and Feinberg, Alex and Ganti, Phanindra and Gao, Lei and Ghosh, Bhaskar and Gopalakrishna, Kishore and Harris, Brendan},
   title = {Data infrastructure at linkedin},
   booktitle = {Data Engineering (ICDE), 2012 IEEE 28th International Conference on},
   publisher = {IEEE},
   pages = {1370-1381},

}

@inbook{r84,
   author = {Baldoni, Roberto and Cimmino, Stefano and Marchetti, Carlo and Termini, Alessandro},
   title = {Performance analysis of java group toolkits: A case study},
   booktitle = {Scientific Engineering for Distributed Java Applications},
   publisher = {Springer},
   pages = {49-60},
   note = {It has some info about JGroups. It compared perfomance of JGroups with another tookot sytem.},
   year = {2003}
}

@article{r85,
   author = {Ban, Bela},
   title = {Design and implementation of a reliable group communication toolkit for java},
   journal = {Cornell University},
   note = {It made by the invetor of JGroups. It has good info about channel, API, protocol stak, etc.},
   year = {1998}
}

@article{r43,
   author = {Ban, Bela},
   title = {JGroups, a toolkit for reliable multicast communication},
   journal = {URL: http://www. jgroups. org},
   year = {2002}
}

@book{r72,
   author = {Bernstein, Philip A and Hadzilacos, Vassos and Goodman, Nathan},
   title = {Concurrency control and recovery in database systems},
   publisher = {Addison-wesley New York},
   volume = {370},
   year = {1987}
}

@inproceedings{r77,
   author = {Bezerra, Carlos Eduardo and Pedone, Fernando and Garbinato, Benoît and Geyer, Christopher},
   title = {Optimistic atomic multicast},
   booktitle = {Distributed Computing Systems (ICDCS), 2013 IEEE 33rd International Conference on},
   publisher = {IEEE},
   pages = {380-389},
   note = {It has a lot information realted to atomic broadcast and multicast, and guarantee and properties. Also it has a good structure, word, and sentences, susefull for my paper amd thises. },

}

@inproceedings{r5,
   author = {Biely, Martin and Milosevic, Zoran and Santos, Nuno and Schiper, Andre},
   title = {S-paxos: Offloading the leader for high throughput state machine replication},
   booktitle = {IEEE 31st Symposium on Reliable Distributed Systems (SRDS)},
   pages = {111-120},
    year = {2012}
}

@book{r75,
   author = {Birman, Kenneth P},
   title = {Replication and fault-tolerance in the ISIS system},
   publisher = {ACM},
   volume = {19},
   note = {It proposes promary-backup protocol. It holds many notions about the leader-based aproach.},
   year = {1985}
}

@article{r76,
   author = {Birman, Kenneth P. and Joseph, Thomas A.},
   title = {Reliable communication in the presence of failures},
   journal = {ACM Trans. Comput. Syst.},
   volume = {5},
   number = {1},
   pages = {47-76},
   year = {1987}
}

@inproceedings{r34,
   author = {Bolosky, William J and Bradshaw, Dexter and Haagens, Randolph B and Kusters, Norbert P and Li, Peng},
   title = {Paxos Replicated State Machines as the Basis of a High-Performance Data Store},
   booktitle = {NSDI},

}

@inproceedings{r66,
   author = {Bolosky, William J and Bradshaw, Dexter and Haagens, Randolph B and Kusters, Norbert P and Li, Peng},
   title = {Paxos Replicated State Machines as the Basis of a High-Performance Data Store},
   booktitle = {NSDI},
   note = {It uses Paxos to provide agreement on RSM. It optmizes SMART protocol by changing the idea of loging and storing to the disk.},

}

@article{r49,
   author = {Budhiraja, Navin and Marzullo, Keith and Schneider, Fred B and Toueg, Sam},
   title = {The primary-backup approach},
   journal = {Distributed systems},
   volume = {2},
   pages = {199-216},
   note = {Not read},
   year = {1993}
}

@inproceedings{r3,
   author = {Burrows, Mike},
   title = {The Chubby lock service for loosely-coupled distributed systems},
   booktitle = {Proceedings of the 7th symposium on Operating systems design and implementation},
   publisher = {USENIX Association},
   pages = {335-350},

}

@inproceedings{r25,
   author = {Camargos, Lásaro Jonas and Schmidt, Rodrigo Malta and Pedone, Fernando},
   title = {Multicoordinated paxos},
   booktitle = {Proceedings of the twenty-sixth annual ACM symposium on Principles of distributed computing},
   publisher = {ACM},
   pages = {316-317},

}

@techreport{r98,
   author = {Carter, Robert L and Crovella, Mark E},
   title = {Dynamic server selection using bandwidth probing in wide-area networks},
   institution = {Citeseer},
   year = {1996}
}

@inproceedings{r8,
   author = {Chandra, Tushar D and Griesemer, Robert and Redstone, Joshua},
   title = {Paxos made live: an engineering perspective},
   booktitle = {Proceedings of the twenty-sixth annual ACM symposium on Principles of distributed computing},
   pages = {398-407},
   year={2007},

}

@article{r14,
   author = {Chandra, Tushar Deepak and Toueg, Sam},
   title = {Unreliable failure detectors for reliable distributed systems},
   journal = {Journal of the ACM (JACM)},
   volume = {43},
   number = {2},
   pages = {225-267},
   year = {1996}
}

@article{r12,
   author = {Chang, Fay and Dean, Jeffrey and Ghemawat, Sanjay and Hsieh, Wilson C and Wallach, Deborah A and Burrows, Mike and Chandra, Tushar and Fikes, Andrew and Gruber, Robert E},
   title = {Bigtable: A distributed storage system for structured data},
   journal = {ACM Transactions on Computer Systems (TOCS)},
   volume = {26},
   number = {2},
   pages = {4},
   year = {2008}
}

@inproceedings{r35,
   author = {Charron-Bost, Bernadette and Schiper, André},
   title = {Improving fast paxos: being optimistic with no overhead},
   booktitle = {Dependable Computing, 2006. PRDC'06. 12th Pacific Rim International Symposium on},
   publisher = {IEEE},
   pages = {287-295},

}

@article{r59,
   author = {Corbett, James C and Dean, Jeffrey and Epstein, Michael and Fikes, Andrew and Frost, Christopher and Furman, Jeffrey John and Ghemawat, Sanjay and Gubarev, Andrey and Heiser, Christopher and Hochschild, Peter},
   title = {Spanner: Google’s globally distributed database},
   journal = {ACM Transactions on Computer Systems (TOCS)},
   volume = {31},
   number = {3},
   pages = {8},
   year = {2013}
}

@inproceedings{r42,
   author = {Cowling, James A and Liskov, Barbara},
   title = {Granola: Low-Overhead Distributed Transaction Coordination},
   booktitle = {USENIX Annual Technical Conference},
   volume = {12},

}

@article{r32,
   author = {Cristian, Flaviu and De Beijer, Richard and Mishra, Shivakant},
   title = {A performance comparison of asynchronous atomic broadcast protocols},
   journal = {Distributed Systems Engineering},
   volume = {1},
   number = {4},
   pages = {177},
   year = {1994}
}

@article{r95,
  title={Total order broadcast and multicast algorithms: Taxonomy and survey},
  author={D{\'e}fago, Xavier and Schiper, Andr{\'e} and Urb{\'a}n, P{\'e}ter},
  journal={ACM Computing Surveys (CSUR)},
  volume={36},
  number={4},
  pages={372--421},
  year={2004},
  publisher={ACM}
}

@inproceedings{r68,
   author = {DeCandia, Giuseppe and Hastorun, Deniz and Jampani, Madan and Kakulapati, Gunavardhan and Lakshman, Avinash and Pilchin, Alex and Sivasubramanian, Swaminathan and Vosshall, Peter and Vogels, Werner},
   title = {Dynamo: amazon's highly available key-value store},
   booktitle = {ACM SIGOPS Operating Systems Review},
   publisher = {ACM},
   volume = {41},
   pages = {205-220},
   note = {It is key-value data store. It shares a lot techniqe from Cassandra. Dynamo is high available system at the expense of eventual consistency. If the conflict occurs, the client will solve it using reconciliation during reads. Dynamo uses vector clock.},

}

@inproceedings{r94,
   author = {El Abbadi, Amr and Skeen, Dale and Cristian, Flaviu},
   title = {An efficient, fault-tolerant protocol for replicated data management},
   booktitle = {PODS},
   volume = {85},
   pages = {215-229},

}

@misc{r90,
   author = {Ellis, Jonathan},
   title = {Lightweight transactions in Cassandra 2.0},
   volume = {2015},
   number = {Aguest, 3 2015},
   year = {2013}
}

@inproceedings{r66,
   author = {Elnikety, Sameh and Dropsho, Steven and Pedone, Fernando},
   title = {Tashkent: uniting durability with transaction ordering for high-performance scalable database replication},
   booktitle = {ACM SIGOPS Operating Systems Review},
   publisher = {ACM},
   volume = {40},
   pages = {117-130},

}

@phdthesis{r87,
   author = {Emerson, Ryan},
   title = {Scalable Coordination of Distributed In-memory Transactions using JGroups},
   university = {Newcastle University},
   year = {2015}
}

@inproceedings{r69,
   author = {Featherston, Dietrich},
   title = {Cassandra: Principles and application},
   booktitle = {International Conference on Computing, Engineering and Information, University of Illinois at Urbana-Champaign},

}

@inproceedings{r46,
   author = {Garefalakis, Panagiotis and Papadopoulos, Panagiotis and Magoutis, Kostas},
   title = {ACaZoo: A Distributed Key-Value Store based on Replicated LSM-Trees},
   booktitle = {Reliable Distributed Systems (SRDS), 2014 IEEE 33rd International Symposium on},
   publisher = {IEEE},
   pages = {211-220},
   note = {ZooKeeper},

}

@inproceedings{r60,
   author = {Garefalakis, Panagiotis and Papadopoulos, Panagiotis and Manousakis, Ioannis and Magoutis, Kostas},
   title = {Strengthening consistency in the cassandra distributed key-value store},
   booktitle = {Distributed Applications and Interoperable Systems},
   publisher = {Springer},
   pages = {193-198},

}

@article{r99,
   author = {Gehring, Jörn and Reinefeld, Alexander},
   title = {MARS—a framework for minimizing the job execution time in a metacomputing environment},
   journal = {Future Generation Computer Systems},
   volume = {12},
   number = {1},
   pages = {87-99},
   year = {1996}
}

@book{r82,
   author = {George, Lars},
   title = {HBase: the definitive guide},
   publisher = {" O'Reilly Media, Inc."},
   year = {2011}
}

@inproceedings{r11,
   author = {Ghemawat, Sanjay and Gobioff, Howard and Leung, Shun-Tak},
   title = {The Google file system},
   booktitle = {ACM SIGOPS operating systems review},
   publisher = {ACM},
   volume = {37},
   pages = {29-43},

}

@inproceedings{r52,
   author = {Gifford, David K},
   title = {Weighted voting for replicated data},
   booktitle = {Proceedings of the seventh ACM symposium on Operating systems principles},
   publisher = {ACM},
   pages = {150-162},

}

@inproceedings{r63,
   author = {Glendenning, Lisa and Beschastnikh, Ivan and Krishnamurthy, Arvind and Anderson, Thomas},
   title = {Scalable consistency in Scatter},
   booktitle = {Proceedings of the Twenty-Third ACM Symposium on Operating Systems Principles},
   publisher = {ACM},
   pages = {15-28},
   note = {It is similar to ACaZoo. If fact, ACaZoo relays on Scatter. It is groups system that provides scalable.  Also it uses ZooKeeper to make servral ZooKeeper instnce to make it comparable with Scatter.  },

}

@inproceedings{r51,
   author = {Gray, Jim},
   title = {Why do computers stop and what can be done about it?},
   booktitle = {Symposium on reliability in distributed software and database systems},
   publisher = {Los Angeles, CA, USA},
   pages = {3-12},

}

@inproceedings{r19,
   author = {Gray, Jim and Helland, Pat and O'Neil, Patrick and Shasha, Dennis},
   title = {The dangers of replication and a solution},
   booktitle = {ACM SIGMOD Record},
   publisher = {ACM},
   volume = {25},
   pages = {173-182},

}

@inproceedings{r44,
   author = {Guerraoui, Rachid and Kosti?, Dejan and Levy, Ron R and Quéma, Vivien},
   title = {A high throughput atomic storage algorithm},
   booktitle = {Distributed Computing Systems, 2007. ICDCS'07. 27th International Conference on},
   publisher = {IEEE},
   pages = {19-19},

}

@article{r45,
   author = {Guerraoui, Rachid and Levy, Ron R. and Pochon, Bastian and Qu, Vivien and #233 and ma},
   title = {Throughput optimal total order broadcast for cluster environments},
   journal = {ACM Trans. Comput. Syst.},
   volume = {28},
   number = {2},
   pages = {1-32},
   note = {Very important, Good words for my research, Has JGroups for comarsion and more infromation, usfull evluation section.},
   year = {2010}
}

@article{r18,
   author = {Guerraoui, Rachid and Levy, Ron R and Pochon, Bastian and Quéma, Vivien},
   title = {Throughput optimal total order broadcast for cluster environments},
   journal = {ACM Transactions on Computer Systems (TOCS)},
   volume = {28},
   number = {2},
   pages = {5},
   year = {2010}
}

@article{r100,
   author = {Herbst, Nikolas Roman and Huber, Nikolaus and Kounev, Samuel and Amrehn, Erich},
   title = {Self?adaptive workload classification and forecasting for proactive resource provisioning},
   journal = {Concurrency and computation: practice and experience},
   volume = {26},
   number = {12},
   pages = {2053-2078},
   year = {2014}
}

@article{r93,
   author = {Herlihy, Maurice},
   title = {Wait-free synchronization},
   journal = {ACM Transactions on Programming Languages and Systems (TOPLAS)},
   volume = {13},
   number = {1},
   pages = {124-149},
   note = {Zab based on this for wait free mechinsim},
   year = {1991}
}

@inbook{r22,
   author = {Hirve, Sachin and Palmieri, Roberto and Ravindran, Binoy},
   title = {Hipertm: High performance, fault-tolerant transactional memory},
   booktitle = {Distributed Computing and Networking},
   publisher = {Springer},
   pages = {181-196},
   year = {2014}
}

@inproceedings{r6,
   author = {Hunt, Patrick and Konar, Mahadev and Junqueira, Flavio Paiva and Reed, Benjamin},
   title = {ZooKeeper: Wait-free Coordination for Internet-scale Systems},
   booktitle = {USENIX Annual Technical Conference},
   volume = {8},
   pages = {9},
   year={2010}
}

@inproceedings{r86,
   author = {Istvan, Zsolt and Sidler, David and Alonso, Gustavo and Vukolic, Marko},
   title = {Consensus in a box: inexpensive coordination in hardware},
   booktitle = {13th USENIX Symposium on Networked Systems Design and Implementation (NSDI 16)},
   pages = {425-438},

}

@article{r53,
   author = {Jiménez-Peris, Ricardo and Patiño-Martínez, Marta and Alonso, Gustavo and Kemme, Bettina},
   title = {Are quorums an alternative for data replication?},
   journal = {ACM Transactions on Database Systems (TODS)},
   volume = {28},
   number = {3},
   pages = {257-294},
   year = {2003}
}

@book{r4,
   author = {Junqueira, Flavio and Reed, Benjamin},
   title = {ZooKeeper: Distributed Process Coordination},
   publisher = {" O'Reilly Media, Inc."},
   year = {2013}
}

@inproceedings{r94,
   author = {Junqueira, Flavio P and , Benjamin C},
   title = {Brief announcement zab: a practical totally ordered broadcast protocol},
   booktitle = {International Symposium on Distributed Computing},
   publisher = {Springer},
   pages = {362-363}

}

@inproceedings{r2,
  title={Zab: High-performance broadcast for primary-backup systems},
  author={Junqueira, Flavio P and Reed, Benjamin C and Serafini, Marco},
  booktitle={IEEE/IFIP 41st International Conference on Dependable Systems \& Networks (DSN)},
  pages={245--256},
  year={2011},
  organization={IEEE}
}

@inproceedings{r15,
   author = {Kapritsos, Manos and Junqueira, Flavio P},
   title = {Scalable agreement: Toward ordering as a service},
   booktitle = {Proceedings of the Sixth international conference on Hot topics in system dependability},
   publisher = {USENIX Association},
   pages = {1-8}

}

@misc{r67,
   author = {Karger, David and Lehman, Eric and Leighton, Tom and Panigrahy, Rina and Levine, Matthew and Lewin, Daniel},
   title = {Consistent hashing and random trees: distributed caching protocols for relieving hot spots on the World Wide Web},
   publisher = {ACM},
   pages = {654-663},
   year = {1997}
}

@inproceedings{r29,
   author = {Karger, David R and Ruhl, Matthias},
   title = {Simple efficient load balancing algorithms for peer-to-peer systems},
   booktitle = {Proceedings of the sixteenth annual ACM symposium on Parallelism in algorithms and architectures},
   publisher = {ACM},
   pages = {36-43},

}

@article{r101,
   author = {Kumar, Shishir and Barvey, Sonali},
   title = {Non-Blocking Commit Protocol},
   journal = {IJCSNS},
   volume = {9},
   number = {8},
   pages = {172},
   note = {This can be good for introducation and Background chapter},
   year = {2009}
}

@article{r47,
   author = {Lakshman, Avinash and Malik, Prashant},
   title = {Cassandra: a decentralized structured storage system},
   journal = {ACM SIGOPS Operating Systems Review},
   volume = {44},
   number = {2},
   pages = {35-40},
   year = {2010}
}

@article{r71,
   author = {Lamport, Leslie},
   title = {Time, clocks, and the ordering of events in a distributed system},
   journal = {Communications of the ACM},
   volume = {21},
   number = {7},
   pages = {558-565},
   year = {1978}
}

@article{r54,
   author = {Lamport, Leslie},
   title = {The part-time parliament},
   journal = {ACM Transactions on Computer Systems (TOCS)},
   volume = {16},
   number = {2},
   pages = {133-169},
   year = {1998}
}

@article{r1,
   author = {Lamport, Leslie},
   title = {Paxos made simple},
   journal = {ACM Sigact News},
   volume = {32},
   number = {4},
   pages = {18-25},
   year = {2001}
}

@techreport{r24,
   author = {Lamport, Leslie},
   title = {Generalized consensus and Paxos},
   institution = {Technical Report MSR-TR-2005-33, Microsoft Research},
   year = {2005}
}

@article{r37,
   author = {Lamport, Leslie},
   title = {Fast paxos},
   journal = {Distributed Computing},
   volume = {19},
   number = {2},
   pages = {79-103},
   year = {2006}
}

@misc{r13,
   author = {Lamport, Leslie and Hydrie, Aamer and Achlioptas, Demetrios},
   title = {Multi-leader distributed system},
   publisher = {Google Patents},
   year = {2007}
}

@inproceedings{r48,
   author = {Lee, Edward K and Thekkath, Chandramohan A},
   title = {Petal: Distributed virtual disks},
   booktitle = {ACM SIGPLAN Notices},
   publisher = {ACM},
   volume = {31},
   pages = {84-92},
   note = {Not read},

}

@inproceedings{r26,
   author = {Leibert, Florian and Mannix, Jake and Lin, Jimmy and Hamadani, Babak},
   title = {Automatic management of partitioned, replicated search services},
   booktitle = {Proceedings of the 2nd ACM Symposium on Cloud Computing},
   publisher = {ACM},
   pages = {27},

}

@inproceedings{r102,
   author = {Li, Zhiying and Xue, Ruini and Ao, Lixiang},
   title = {Replichard: Towards Tradeoff between Consistency and Performance for Metadata},
   booktitle = {Proceedings of the 2016 International Conference on Supercomputing},
   publisher = {ACM},
   pages = {25},

}

@misc{r31,
   author = {Lim, Swee Boon and Singhai, Ashish and Radia, Sanjay R},
   title = {Load balancing and failover of network services},
   publisher = {Google Patents},
   year = {1999}
}

@article{r57,
   author = {MacCormick, John and Thekkath, Chandramohan A and Jager, Marcus and Roomp, Kristof and Zhou, Lidong and Peterson, Ryan},
   title = {Niobe: A practical replication protocol},
   journal = {ACM Transactions on Storage (TOS)},
   volume = {3},
   number = {4},
   pages = {1},
   year = {2008}
}

@inproceedings{r9,
   author = {Mao, Yanhua and Junqueira, Flavio Paiva and Marzullo, Keith},
   title = {Mencius: building efficient replicated state machines for WANs},
   booktitle = {OSDI},
   volume = {8},
   pages = {369-384},
   year={2008}
}

@inproceedings{r20,
   author = {Marandi, Parisa Jalili and Primi, Marco and Pedone, Fernando},
   title = {High performance state-machine replication},
   booktitle = {Dependable Systems & Networks (DSN), 2011 IEEE/IFIP 41st International Conference on},
   publisher = {IEEE},
   pages = {454-465}

}

@inproceedings{r21,
   author = {Marandi, Parisa Jalili and Primi, Marco and Pedone, Fernando},
   title = {Multi-ring paxos},
   booktitle = {Dependable Systems and Networks (DSN), 2012 42nd Annual IEEE/IFIP International Conference on},
   publisher = {IEEE},
   pages = {1-12}

}

@inproceedings{r10,
   author = {Marandi, Parisa Jalili and Primi, Marco and Schiper, Nicolas and Pedone, Fernando},
   title = {Ring Paxos: A high-throughput atomic broadcast protocol},
   booktitle = {Dependable Systems and Networks (DSN), 2010 IEEE/IFIP International Conference on},
   publisher = {IEEE},
   pages = {527-536}

}

@book{r70,
   author = {Marchioni, Francesco},
   title = {Infinispan data grid platform},
   publisher = {Packt Publishing Ltd},
   year = {2012}
}

@article{r78,
   author = {Mazilu, Marius Cristian},
   title = {Database Replication},
   journal = {Database Systems Journal},
   volume = {1},
   number = {2},
   pages = {33-38},
   note = {It has usefull information about data replication, but it talk only on full replication. Usefull for background.},
   year = {2010}
}

@misc{r81,
   author = {Medeiros, André},
   title = {ZooKeeper's atomic broadcast protocol: theory and practice},
   publisher = {2012},
   year = {2012}
}

@inproceedings{r17,
   author = {Meshram, Vilobh and Besseron, Xavier and Ouyang, Xiangyong and Rajachandrasekar, Raghunath and Darbha, Ravi Prakash and Panda, Dhabaleswar K},
   title = {Can a Decentralized Metadata Service Layer benefit Parallel Filesystems?},
   booktitle = {Cluster Computing (CLUSTER), 2011 IEEE International Conference on},
   publisher = {IEEE},
   pages = {484-493},
   note = {ZooKeeper}

}

@article{r103,
  title={Nosql database: New era of databases for big data analytics-classification, characteristics and comparison},
  author={Moniruzzaman, ABM and Hossain, Syed Akhter},
  journal={arXiv preprint arXiv:1307.0191},
  year={2013}
}

@inproceedings{r23,
   author = {Moraru, Iulian and Andersen, David G and Kaminsky, Michael},
   title = {There is more consensus in egalitarian parliaments},
   booktitle = {Proceedings of the Twenty-Fourth ACM Symposium on Operating Systems Principles},
   publisher = {ACM},
   pages = {358-372}

}

@inproceedings{r64,
   author = {Oki, Brian M and Liskov, Barbara H},
   title = {Viewstamped replication: A new primary copy method to support highly-available distributed systems},
   booktitle = {Proceedings of the seventh annual ACM Symposium on Principles of distributed computing},
   publisher = {ACM},
   pages = {8-17}

}

@inproceedings{R61,
   author = {Olson, Michael A and Bostic, Keith and Seltzer, Margo I},
   title = {Berkeley DB},
   booktitle = {USENIX Annual Technical Conference, FREENIX Track},
   pages = {183-191},
   note = {Use Two-phase locking to achieve consistency. It is B-Tree key-value. Use memory, disk, and log. Usefull transaction properies.}

}

@inproceedings{r38,
   author = {Ongaro, Diego and Ousterhout, John},
   title = {In search of an understandable consensus algorithm},
   booktitle = {Proc. USENIX Annual Technical Conference},
   pages = {305-320}

}

@book{r89,
   author = {Özsu, M Tamer and Valduriez, Patrick},
   title = {Principles of distributed database systems},
   publisher = {Springer Science & Business Media},
   year = {2011}
}

@article{r79,
   author = {Pease, M. and Shostak, R. and Lamport, L.},
   title = {Reaching Agreement in the Presence of Faults},
   journal = {J. ACM},
   volume = {27},
   number = {2},
   pages = {228-234},
   year = {1980}
}

@inproceedings{r74,
   author = {Pedone, Fernando and Guerraoui, Rachid and Schiper, André},
   title = {Exploiting atomic broadcast in replicated databases},
   booktitle = {Euro-Par’98 Parallel Processing},
   publisher = {Springer},
   pages = {513-520},
   note = {It introduces atomic broadcast protocol. It compares ABP with deffered update protocol that uses 2pc. It also presents leader-based protocol. This paper has nice words and pictures can be used in my thesis},

}

@article{r30,
   author = {Pedone, Fernando and Guerraoui, Rachid and Schiper, André},
   title = {The database state machine approach},
   journal = {Distributed and Parallel Databases},
   volume = {14},
   number = {1},
   pages = {71-98},
   year = {2003}
}

@inproceedings{r7,
   author = {Pham, Cuong Manh and Dogaru, Victor and Wagle, Rohit and Venkatramani, Chitra and Kalbarczyk, Zbigniew and Iyer, Ravishankar},
   title = {An evaluation of zookeeper for high availability in system S},
   booktitle = {Proceedings of the 5th ACM/SPEC international conference on Performance engineering},
   publisher = {ACM},
   pages = {209-217},

}

@article{r65,
   author = {Rao, Jun and Shekita, Eugene J and Tata, Sandeep},
   title = {Using Paxos to build a scalable, consistent, and highly available datastore},
   journal = {Proceedings of the VLDB Endowment},
   volume = {4},
   number = {4},
   pages = {243-254},
   note = {It is very important paper as reference. It uses ZK for leader election, and Paxos for replicated write to replica. It utilises key ranage partition. It has alot of related concept.},
   year = {2011}
}

@inproceedings{r80,
   author = {Reed, Benjamin and Junqueira, Flavio P},
   title = {A simple totally ordered broadcast protocol},
   booktitle = {proceedings of the 2nd Workshop on Large-Scale Distributed Systems and Middleware},
   publisher = {ACM},
   pages = {2},

}

@inproceedings{r27,
   author = {Ross, Robert B and Thakur, Rajeev},
   title = {PVFS: A parallel file system for Linux clusters},
   booktitle = {Proceedings of the 4th annual Linux Showcase and Conference},
   pages = {391-430}

}

@inproceedings{r41,
   author = {Ruivo, Pedro and Couceiro, Maria and Romano, Paolo and Rodrigues, Luis},
   title = {Exploiting total order multicast in weakly consistent transactional caches},
   booktitle = {IEEE 17th Pacific Rim International Symp. on Dependable Computing (PRDC), 2011},
   pages = {99-108},
   year={2011}
}

@inbook{r33,
   author = {Santos, Nuno and Schiper, André},
   title = {Tuning paxos for high-throughput with batching and pipelining},
   booktitle = {Distributed Computing and Networking},
   publisher = {Springer},
   pages = {153-167},
   year = {2012}
}

@article{r50,
   author = {Schneider, Fred B.},
   title = {Implementing fault-tolerant services using the state machine approach: a tutorial},
   journal = {ACM Comput. Surv.},
   volume = {22},
   number = {4},
   pages = {299-319},
   year = {1990}
}

@inproceedings{r36,
   author = {Shraer, Alexander and Reed, Benjamin and Malkhi, Dahlia and Junqueira, Flavio Paiva},
   title = {Dynamic Reconfiguration of Primary/Backup Clusters},
   booktitle = {USENIX Annual Technical Conference},
   pages = {425-437},

}

@inproceedings{r28,
   author = {Shvachko, Konstantin and Kuang, Hairong and Radia, Sanjay and Chansler, Robert},
   title = {The hadoop distributed file system},
   booktitle = {IEEE 26th Symposium on Mass Storage Systems and Technologies (MSST), 2},
   pages = {1-10},
   year={2010}

}

@inproceedings{r73,
   author = {Sousa, Amaro and Pedon, Fernando and Oliveira, Rui and Moura, Francisco},
   title = {Partial replication in the database state machine},
   booktitle = {Network Computing and Applications, 2001. NCA 2001. IEEE International Symposium on},
   publisher = {IEEE},
   pages = {298-309},
   note = {It is very good paper. First paper uses Partial replcation.},

}

@inproceedings{r40,
   author = {Terrace, Jeff and Freedman, Michael J},
   title = {Object Storage on CRAQ: High-Throughput Chain Replication for Read-Mostly Workloads},
   booktitle = {USENIX Annual Technical Conference},
   publisher = {San Diego, CA},

}

@inproceedings{r91,
   author = {Toshniwal, Ankit and Taneja, Siddarth and Shukla, Amit and Ramasamy, Karthik and Patel, Jignesh M and Kulkarni, Sanjeev and Jackson, Jason and Gade, Krishna and Fu, Maosong and Donham, Jake},
   title = {Storm@ twitter},
   booktitle = {Proceedings of the 2014 ACM SIGMOD international conference on Management of data},
   pages = {147-156},
   year={2014},

}

@article{r62,
   author = {Van Renesse, Robbert and Schiper, Nicolas and Schneider, Fred B},
   title = {Vive la différence: Paxos vs. Viewstamped Replication vs. Zab},
   note = {It compares Zab, Viewsatam and Paxos. Also it has some info about active and passive replication.},
   year = {2014}
}

@inproceedings{r39,
   author = {Van Renesse, Robbert and Schneider, Fred B},
   title = {Chain Replication for Supporting High Throughput and Availability},
   booktitle = {OSDI},
   volume = {4},
   pages = {91-104},
   year={2004}
}

@inproceedings{r96,
   author = {Wolski, Richard},
   title = {Forecasting network performance to support dynamic scheduling using the network weather service},
   booktitle = {High Performance Distributed Computing, 1997. Proceedings. The Sixth IEEE International Symposium on},
   publisher = {IEEE},
   pages = {316-325},

}

@article{r97,
   author = {Wolski, Rich and Spring, Neil T and Hayes, Jim},
   title = {The network weather service: a distributed resource performance forecasting service for metacomputing},
   journal = {Future Generation Computer Systems},
   volume = {15},
   number = {5},
   pages = {757-768},
   year = {1999}
}

@INPROCEEDINGS{r104,
author={Jing Han and Haihong E and Guan Le and Jian Du},
booktitle={2011 6th International Conference on Pervasive Computing and Applications},
title={Survey on NoSQL database},
year={2011},
pages={363-366},
keywords={SQL;cloud computing;query processing;relational databases;CAP theorem;Internet;NoSQL database;SNS;cloud computing;data model;high-concurrency applications;query dynamic user data;relational database;search engines;Blogs;Computational modeling;Databases;Facebook;Reliability;Big Data;NoSQL;column-oriented;database;document;key-value},
doi={10.1109/ICPCA.2011.6106531},
month={Oct},}

@article{r105,
 author = {Cattell, Rick},
 title = {Scalable SQL and NoSQL Data Stores},
 journal = {SIGMOD Rec.},
 issue_date = {December 2010},
 volume = {39},
 number = {4},
 month = may,
 year = {2011},
 issn = {0163-5808},
 pages = {12--27},
 numpages = {16},
 url = {http://doi.acm.org/10.1145/1978915.1978919},
 doi = {10.1145/1978915.1978919},
 acmid = {1978919},
 publisher = {ACM},
 address = {New York, NY, USA},
}


@INPROCEEDINGS{Emerson2014,
  title={An Atomic-Multicast Service for Scalable In-Memory Transaction Systems},
  author={Emerson, Ryan and Ezhilchelvan, Paul},
  booktitle={Cloud Computing Technology and Science (CloudCom), 2014 IEEE 6th International Conference on},
  pages={743--746},
  year={2014},
  organization={IEEE}
}


@inproceedings{reed2008simple,
  title={A simple totally ordered broadcast protocol},
  author={Reed, Benjamin and Junqueira, Flavio P},
  booktitle={proceedings of the 2nd Workshop on Large-Scale Distributed Systems and Middleware (LADIS)},
  pages={1--6},
  year={2008},
  organization={ACM}
}

@book{bernstein2009principles,
	title={Principles of transaction processing},
	author={Bernstein, Philip A and Newcomer, Eric},
	year={2009},
	publisher={Morgan Kaufmann}
}
